%% This BibTeX bibliography file was created using BibDesk.
%% http://bibdesk.sourceforge.net/


%% Created for Lihong Ma at 2012-04-23 14:35:14 +0200 


%% Saved with string encoding Westeuropäisch (Windows Latin 1) 



@article{Ivory2001,
	Author = {Melody Y. Ivory and Marti A. Hearst},
	Date-Added = {2012-04-23 14:02:59 +0200},
	Date-Modified = {2012-04-23 14:10:20 +0200},
	Journal = {ACM Computing Surveys},
	Number = {4},
	Pages = {470--516},
	Title = {The State of the Art in Automating Usability Evaluation of User Interfaces},
	Volume = {33},
	Year = {2001}}

@misc{acmcategories,
	Date-Modified = {2012-04-23 14:35:10 +0200},
	Howpublished = {\url{http://www.acm.org/class/how_to_use.html}},
	Title = {How to Classify Works Using {ACM}'s Computing Classification System}}
